<?xml version="1.0" encoding="UTF-8"?><record xmlns="http://www.loc.gov/MARC21/slim" xmlns:cinclude="http://apache.org/cocoon/include/1.0" xmlns:zs="http://www.loc.gov/zing/srw/">
  <leader>00440nz  a2200133n  4500</leader>
  <controlfield tag="001">no2008019470</controlfield>
  <controlfield tag="003">DLC</controlfield>
  <controlfield tag="005">20080208075207.0</controlfield>
  <controlfield tag="008">080206n| acannaabn          |n aaa     c</controlfield>
  <datafield tag="010" ind1=" " ind2=" ">
    <subfield code="a">no2008019470</subfield>
  </datafield>
  <datafield tag="035" ind1=" " ind2=" ">
    <subfield code="a">(OCoLC)oca07651124</subfield>
  </datafield>
  <datafield tag="040" ind1=" " ind2=" ">
    <subfield code="a">PU-L</subfield>
    <subfield code="b">eng</subfield>
    <subfield code="c">PU-L</subfield>
  </datafield>
  <datafield tag="100" ind1="1" ind2=" ">
    <subfield code="a">Maier, Christoph,</subfield>
    <subfield code="d">1969-</subfield>
  </datafield>
  <datafield tag="670" ind1=" " ind2=" ">
    <subfield code="a">Gewaltenteilung bei Aristoteles und in der Verfassung Athens, c2006:</subfield>
    <subfield code="b">t.p. (Christoph Maier) p. 4 of cover (Dr. Christoph Maier, b. 1969)</subfield>
  </datafield>
</record>